{
  "leader": "04716cam a2200529 a 4500",
  "fields": [
    {
      "001": "ocn192082758"
    },
    {
      "003": "OCoLC"
    },
    {
      "005": "20220106114834.0"
    },
    {
      "008": "080212s2008\\\\\\\\nyua\\\\\\\\\\b\\\\\\\\001\\0\\eng\\\\"
    },
    {
      "010": {
        "ind1": "\\",
        "ind2": "\\",
        "subfields": [
          {
            "a": "  2008005773"
          }
        ]
      }
    },
    {
      "040": {
        "ind1": "\\",
        "ind2": "\\",
        "subfields": [
          {
            "a": "DLC"
          },
          {
            "b": "eng"
          },
          {
            "c": "DLC"
          },
          {
            "d": "YDXCP"
          },
          {
            "d": "BAKER"
          },
          {
            "d": "BTCTA"
          },
          {
            "d": "C#P"
          },
          {
            "d": "BWX"
          },
          {
            "d": "CDX"
          },
          {
            "d": "SDB"
          },
          {
            "d": "AU@"
          },
          {
            "d": "HTM"
          },
          {
            "d": "A7U"
          },
          {
            "d": "DEBSZ"
          },
          {
            "d": "BDX"
          },
          {
            "d": "OCLCF"
          },
          {
            "d": "UKUOY"
          },
          {
            "d": "OCLCQ"
          },
          {
            "d": "OCLCO"
          },
          {
            "d": "CN5CF"
          },
          {
            "d": "MCO"
          },
          {
            "d": "UKMGB"
          },
          {
            "d": "OCLCQ"
          },
          {
            "d": "U9X"
          },
          {
            "d": "OCLCQ"
          }
        ]
      }
    },
    {
      "016": {
        "ind1": "7",
        "ind2": "\\",
        "subfields": [
          {
            "a": "014766469"
          },
          {
            "2": "Uk"
          }
        ]
      }
    },
    {
      "019": {
        "ind1": "\\",
        "ind2": "\\",
        "subfields": [
          {
            "a": "1022740535"
          }
        ]
      }
    },
    {
      "020": {
        "ind1": "\\",
        "ind2": "\\",
        "subfields": [
          {
            "a": "9780871540881"
          }
        ]
      }
    },
    {
      "020": {
        "ind1": "\\",
        "ind2": "\\",
        "subfields": [
          {
            "a": "0871540886"
          }
        ]
      }
    },
    {
      "035": {
        "ind1": "\\",
        "ind2": "\\",
        "subfields": [
          {
            "a": "(OCoLC)192082758"
          },
          {
            "z": "(OCoLC)1022740535"
          }
        ]
      }
    },
    {
      "050": {
        "ind1": "0",
        "ind2": "0",
        "subfields": [
          {
            "a": "HM821"
          },
          {
            "b": ".B46 2008"
          }
        ]
      }
    },
    {
      "082": {
        "ind1": "0",
        "ind2": "0",
        "subfields": [
          {
            "a": "305.091821"
          },
          {
            "b": "DEM"
          }
        ]
      }
    },
    {
      "245": {
        "ind1": "0",
        "ind2": "0",
        "subfields": [
          {
            "a": "Democracy, inequality, and representation :"
          },
          {
            "b": "a comparative perspective /"
          },
          {
            "c": "Pablo Beramendi and Christopher J. Anderson, editors."
          }
        ]
      }
    },
    {
      "260": {
        "ind1": "\\",
        "ind2": "\\",
        "subfields": [
          {
            "a": "New York, N.Y. :"
          },
          {
            "b": "Russell Sage Foundation,"
          },
          {
            "c": "\u00a92008."
          }
        ]
      }
    },
    {
      "300": {
        "ind1": "\\",
        "ind2": "\\",
        "subfields": [
          {
            "a": "434 pages :"
          },
          {
            "b": "illustrations ;"
          },
          {
            "c": "24 cm"
          }
        ]
      }
    },
    {
      "336": {
        "ind1": "\\",
        "ind2": "\\",
        "subfields": [
          {
            "a": "text"
          },
          {
            "b": "txt"
          },
          {
            "2": "rdacontent"
          }
        ]
      }
    },
    {
      "337": {
        "ind1": "\\",
        "ind2": "\\",
        "subfields": [
          {
            "a": "unmediated"
          },
          {
            "b": "n"
          },
          {
            "2": "rdamedia"
          }
        ]
      }
    },
    {
      "338": {
        "ind1": "\\",
        "ind2": "\\",
        "subfields": [
          {
            "a": "volume"
          },
          {
            "b": "nc"
          },
          {
            "2": "rdacarrier"
          }
        ]
      }
    },
    {
      "504": {
        "ind1": "\\",
        "ind2": "\\",
        "subfields": [
          {
            "a": "Includes bibliographical references and index."
          }
        ]
      }
    },
    {
      "505": {
        "ind1": "0",
        "ind2": "0",
        "subfields": [
          {
            "t": "Income inequality and democratic representation /"
          },
          {
            "r": "Pablo Beramendi, Christopher J. Anderson --"
          },
          {
            "t": "Inequality patterns in western democracies: cross-country differences and changes over time /"
          },
          {
            "r": "Andrea Brandolini, Timothy M. Smeedinq --"
          },
          {
            "t": "Social rights, welfare generosity, and inequality /"
          },
          {
            "r": "Lyle Scruggs --"
          },
          {
            "t": "Electoral institutions, parties, and the politics of class: explaining the formation of redistributive coalitions /"
          },
          {
            "r": "Torben Iversen, David Soskice --"
          },
          {
            "t": "Economic institutions, partisanship, and inequality /"
          },
          {
            "r": "Pablo Beramendi, Thomas R. Cusack --"
          },
          {
            "t": "Political agency and institutions: explaining the influence of left government and corporatism on inequality /"
          },
          {
            "r": "David Rueda --"
          },
          {
            "t": "Economic shocks, inequality, and popular support for redistribution /"
          },
          {
            "r": "Thomas R. Cusack, Torben Iversen, Philipp Rehm --"
          },
          {
            "t": "Inequality and unemployment, redistribution and social insurance, and participation: a theoretical model and an empirical system of endogenous equations /"
          },
          {
            "r": "Robert J. Franzese, Jr., Jude C. Hays --"
          },
          {
            "t": "Income, inequality, and electoral participation /"
          },
          {
            "r": "Christopher J. Anderson, Pablo Beramendi --"
          },
          {
            "t": "Inequality as a source of political polarization: a comparative analysis of twelve OECD countries /"
          },
          {
            "r": "Jonas Pontusson, David Rueda --"
          },
          {
            "t": "Inequality and institutions: what theory, history, and (some) data tell us /"
          },
          {
            "r": "Ronald Rogowski, Duncan C. MacRae --"
          },
          {
            "t": "Inequality and democratic representation: the road traveled and the path ahead /"
          },
          {
            "r": "Pablo Beramendi, Christopher J. Anderson."
          }
        ]
      }
    },
    {
      "520": {
        "ind1": "1",
        "ind2": "\\",
        "subfields": [
          {
            "a": "\"In Democracy, Inequality, and Representation, distinguished political scientists and economists use a set of international databases to examine the political causes and consequences of income inequality. The volume opens with an examination of how differing systems of political representation contribute to cross-national variations in levels of inequality. Torben Iverson and David Soskice calculate that taxes and income transfers help reduce the poverty rate in Sweden by over 80 percent, while the comparable figure for the United States is only 13 percent. Noting that traditional economic models fail to account for this striking discrepancy, the authors show how variations in electoral systems lead to very different outcomes.\"--Jacket."
          }
        ]
      }
    },
    {
      "650": {
        "ind1": "\\",
        "ind2": "0",
        "subfields": [
          {
            "a": "Equality"
          },
          {
            "z": "OECD countries."
          }
        ]
      }
    },
    {
      "650": {
        "ind1": "\\",
        "ind2": "0",
        "subfields": [
          {
            "a": "Democracy"
          },
          {
            "z": "OECD countries."
          }
        ]
      }
    },
    {
      "650": {
        "ind1": "\\",
        "ind2": "0",
        "subfields": [
          {
            "a": "Representative government and representation"
          },
          {
            "z": "OECD countries."
          }
        ]
      }
    },
    {
      "651": {
        "ind1": "\\",
        "ind2": "0",
        "subfields": [
          {
            "a": "OECD countries"
          },
          {
            "x": "Politics and government."
          }
        ]
      }
    },
    {
      "650": {
        "ind1": "\\",
        "ind2": "7",
        "subfields": [
          {
            "a": "Democracy."
          },
          {
            "2": "fast"
          },
          {
            "0": "(OCoLC)fst00890077"
          }
        ]
      }
    },
    {
      "650": {
        "ind1": "\\",
        "ind2": "7",
        "subfields": [
          {
            "a": "Equality."
          },
          {
            "2": "fast"
          },
          {
            "0": "(OCoLC)fst00914456"
          }
        ]
      }
    },
    {
      "650": {
        "ind1": "\\",
        "ind2": "7",
        "subfields": [
          {
            "a": "Politics and government"
          },
          {
            "2": "fast"
          },
          {
            "0": "(OCoLC)fst01919741"
          }
        ]
      }
    },
    {
      "650": {
        "ind1": "\\",
        "ind2": "7",
        "subfields": [
          {
            "a": "Representative government and representation."
          },
          {
            "2": "fast"
          },
          {
            "0": "(OCoLC)fst01094941"
          }
        ]
      }
    },
    {
      "651": {
        "ind1": "\\",
        "ind2": "7",
        "subfields": [
          {
            "a": "OECD countries."
          },
          {
            "2": "fast"
          },
          {
            "0": "(OCoLC)fst01277092"
          }
        ]
      }
    },
    {
      "700": {
        "ind1": "1",
        "ind2": "\\",
        "subfields": [
          {
            "a": "Beramendi, Pablo."
          }
        ]
      }
    },
    {
      "700": {
        "ind1": "1",
        "ind2": "\\",
        "subfields": [
          {
            "a": "Anderson, Christopher,"
          },
          {
            "d": "1966-"
          }
        ]
      }
    },
    {
      "776": {
        "ind1": "0",
        "ind2": "8",
        "subfields": [
          {
            "i": "Online version:"
          },
          {
            "t": "Democracy, inequality, and representation."
          },
          {
            "d": "New York, N.Y. : Russell Sage Foundation, \u00a92008"
          },
          {
            "w": "(OCoLC)608802470"
          }
        ]
      }
    },
    {
      "776": {
        "ind1": "0",
        "ind2": "8",
        "subfields": [
          {
            "i": "Online version:"
          },
          {
            "t": "Democracy, inequality, and representation."
          },
          {
            "d": "New York, N.Y. : Russell Sage Foundation, \u00a92008"
          },
          {
            "w": "(OCoLC)609106804"
          }
        ]
      }
    },
    {
      "856": {
        "ind1": "4",
        "ind2": "1",
        "subfields": [
          {
            "3": "Table of contents"
          },
          {
            "u": "http://catdir.loc.gov/catdir/toc/ecip0811/2008005773.html"
          }
        ]
      }
    },
    {
      "856": {
        "ind1": "4",
        "ind2": "1",
        "subfields": [
          {
            "3": "Table of contents"
          },
          {
            "q": "pdf/application"
          },
          {
            "u": "http://www.gbv.de/dms/sub-hamburg/562528830.pdf"
          },
          {
            "z": "Kostenfrei"
          }
        ]
      }
    },
    {
      "856": {
        "ind1": "4",
        "ind2": "2",
        "subfields": [
          {
            "3": "Contributor biographical information"
          },
          {
            "u": "http://catdir.loc.gov/catdir/enhancements/fy1602/2008005773-b.html"
          }
        ]
      }
    },
    {
      "856": {
        "ind1": "4",
        "ind2": "2",
        "subfields": [
          {
            "3": "Publisher description"
          },
          {
            "u": "http://catdir.loc.gov/catdir/enhancements/fy1602/2008005773-d.html"
          }
        ]
      }
    },
    {
      "994": {
        "ind1": "\\",
        "ind2": "\\",
        "subfields": [
          {
            "a": "Z0"
          },
          {
            "b": "NYRVC"
          }
        ]
      }
    },
    {
      "948": {
        "ind1": "\\",
        "ind2": "\\",
        "subfields": [
          {
            "h": "NO HOLDINGS IN NYRVC - 269 OTHER HOLDINGS"
          }
        ]
      }
    },
    {
      "999": {
        "ind1": "\\",
        "ind2": "\\",
        "subfields": [
          {
            "a": "00000000026199"
          }
        ]
      }
    }
  ]
}